@inproceedings{McBride:2008:CLM:1328438.1328474,
 author = {McBride, Conor},
 title = {Clowns to the Left of Me, Jokers to the Right (Pearl): Dissecting Data Structures},
 booktitle = {Proceedings of the 35th Annual ACM SIGPLAN-SIGACT Symposium on Principles of Programming Languages},
 series = {POPL '08},
 year = {2008},
 isbn = {978-1-59593-689-9},
 location = {San Francisco, California, USA},
 pages = {287--295},
 numpages = {9},
 url = {http://doi.acm.org/10.1145/1328438.1328474},
 doi = {10.1145/1328438.1328474},
 acmid = {1328474},
 publisher = {ACM},
 address = {New York, NY, USA},
 keywords = {datatype, differentiation, dissection, division, generic programming, iteration, polynomial, stack, tail recursion, traversal, zipper},
}



